@Article{Melville,
	author = "Prem Melville and Vikas Sindhwani",
	title  = "Recommender Systems, Encyclopedia of Machine Learning",
	school = "IBM T. J. Watson Research Center",
	year   = 2010
}

@Article{Mooney,
	author = "Raymond J. Mooney and Loriene Roy",
	title  = "Content-based book recommending using learning for text categorization",
	year   = 2000
}

@Article{Gupta,
	author = "Tushar Gupta",
	title  = "Multi-threading Android Apps for Multi-core Processors",
	year   = 2013
}

@Article{Elgin,
	author = "Ben Elgin",
	title  = "Google Buys Android for Its Mobile Arsenal",
	year   = 2005
}

@Article{IDC,
	author = "IDC",
	title  = "Android Marks Fourth Anniversary Since Launch with 75.0% Market Share in Third Quarter, According to IDC",
	year   = 2012
}

@Article{Google,
	author = "Google",
	title  = "900 million Android activations to date, 48 billion app installs",
	year   = 2013
}

@Article{Marketwire,
	author = "Marketwire",
	title  = "MongoDB Extends Leadership in NoSQL",
	year   = 2011
}

@Article{Sirer,
	author = "Emin GÃ¼n Sirer",
	title  = "Broken by Design: MongoDB Fault Tolerance",
	year   = 2013
}